@article{shu2017fake,
  title={Fake news detection on social media: A data mining perspective},
  author={Shu, Kai and Sliva, Amy and Wang, Suhang and Tang, Jiliang and Liu, Huan},
  journal={ACM SIGKDD Explorations Newsletter},
  volume={19},
  number={1},
  pages={22--36},
  year={2017},
  publisher={ACM}
}

@article{blazquez2018problema,
  title={El problema de las noticias falsas: detecci{\'o}n y contramedidas},
  author={Bl{\'a}zquez-Ochando, Manuel},
  year={2018},
  publisher={Universidad Nacional Aut{\'o}noma de M{\'e}xico}
}

@article{horne2017just,
  title={This just in: fake news packs a lot in title, uses simpler, repetitive content in text body, more similar to satire than real news},
  author={Horne, Benjamin D and Adali, Sibel},
  journal={arXiv preprint arXiv:1703.09398},
  year={2017}
}

@article{wang2017liar,
  title={" liar, liar pants on fire": A new benchmark dataset for fake news detection},
  author={Wang, William Yang},
  journal={arXiv preprint arXiv:1705.00648},
  year={2017}
}

@article{riedel2017simple,
  title={A simple but tough-to-beat baseline for the Fake News Challenge stance detection task},
  author={Riedel, Benjamin and Augenstein, Isabelle and Spithourakis, Georgios P and Riedel, Sebastian},
  journal={arXiv preprint arXiv:1707.03264},
  year={2017}
}

@inproceedings{houvardas2006n,
  title={N-gram feature selection for authorship identification},
  author={Houvardas, John and Stamatatos, Efstathios},
  booktitle={International Conference on Artificial Intelligence: Methodology, Systems, and Applications},
  pages={77--86},
  year={2006},
  organization={Springer}
}

@inproceedings{garg2001understanding,
  title={Understanding probabilistic classifiers},
  author={Garg, Ashutosh and Roth, Dan},
  booktitle={European Conference on Machine Learning},
  pages={179--191},
  year={2001},
  organization={Springer}
}

@inproceedings{gish1990probabilistic,
  title={A probabilistic approach to the understanding and training of neural network classifiers},
  author={Gish, Herbert},
  booktitle={Acoustics, Speech, and Signal Processing, 1990. ICASSP-90., 1990 International Conference on},
  pages={1361--1364},
  year={1990},
  organization={IEEE}
}

@article{furnkranz1998study,
  title={A study using n-gram features for text categorization},
  author={F{\"u}rnkranz, Johannes},
  journal={Austrian Research Institute for Artifical Intelligence},
  volume={3},
  number={1998},
  pages={1--10},
  year={1998}
}

@inproceedings{feng2012syntactic,
  title={Syntactic stylometry for deception detection},
  author={Feng, Song and Banerjee, Ritwik and Choi, Yejin},
  booktitle={Proceedings of the 50th Annual Meeting of the Association for Computational Linguistics: Short Papers-Volume 2},
  pages={171--175},
  year={2012},
  organization={Association for Computational Linguistics}
}

@inproceedings{dietterichensemble,
  title={Ensemble Methods in Machine Learning. Multiple Classifier Systems, First Int},
  author={Dietterich, TG},
  booktitle={Workshop, MCS2000, Cagliari, Italy},
  pages={1--15}
}